<record><leader>00000cas a22000007a 4500</leader><controlfield tag="001">10587527</controlfield><controlfield tag="008">840403d19551982ohudn ne      0    0eng d</controlfield><datafield ind1=" " ind2=" " tag="010"><subfield code="a">sn 84028190 </subfield></datafield><datafield ind1=" " ind2=" " tag="040"><subfield code="a">NPY</subfield><subfield code="b">eng</subfield><subfield code="c">NPY</subfield><subfield code="d">ONP</subfield><subfield code="d">OCLCQ</subfield><subfield code="d">UKMGB</subfield><subfield code="d">OCLCQ</subfield></datafield><datafield ind1="7" ind2=" " tag="016"><subfield code="a">013916591</subfield><subfield code="2">Uk</subfield></datafield><datafield ind1=" " ind2=" " tag="042"><subfield code="a">msc</subfield></datafield><datafield ind1="0" ind2=" " tag="130"><subfield code="a">Telegraph (Painesville, Ohio : 1955)</subfield></datafield><datafield ind1="1" ind2="4" tag="245"><subfield code="a">The Telegraph.</subfield></datafield><datafield ind1=" " ind2=" " tag="260"><subfield code="a">Painesville, Ohio :</subfield><subfield code="b">Telegraph-Republican Co.,</subfield><subfield code="c">1955-1982.</subfield></datafield><datafield ind1=" " ind2=" " tag="300"><subfield code="a">v.</subfield></datafield><datafield ind1=" " ind2=" " tag="310"><subfield code="a">Daily (except Sun.)</subfield></datafield><datafield ind1="0" ind2=" " tag="362"><subfield code="a">133rd year, no. 306 (July 14, 1955)-no. 293 (May 7, 1982).</subfield></datafield><datafield ind1=" " ind2=" " tag="525"><subfield code="a">Supplements included: Telegraphic; Family weekly; Hearth, home; Hearth &amp; home magazine.</subfield></datafield><datafield ind1=" " ind2=" " tag="580"><subfield code="a">Union workers of the Telegraph (Painesville, Ohio : 1955) went on strike and published an alternative paper called: Lake County today, Oct. 15, 1973-Mar. 1, 1974. Telegraph (Painesville, Ohio : 1955) continued publication during the strike.</subfield></datafield><datafield ind1=" " ind2="4" tag="651"><subfield code="a">Painesville (Ohio)</subfield><subfield code="v">Newspapers.</subfield></datafield><datafield ind1=" " ind2="4" tag="651"><subfield code="a">Lake County (Ohio)</subfield><subfield code="v">Newspapers.</subfield></datafield><datafield ind1=" " ind2=" " tag="752"><subfield code="a">United States</subfield><subfield code="b">Ohio</subfield><subfield code="c">Lake</subfield><subfield code="d">Painesville.</subfield></datafield><datafield ind1="0" ind2="0" tag="780"><subfield code="t">Painesville telegraph (Painesville, Ohio : 1916)</subfield><subfield code="w">(DLC)sn 84028189</subfield></datafield><datafield ind1="0" ind2="5" tag="780"><subfield code="t">Fairport beacon</subfield><subfield code="w">(DLC)sn 88078614</subfield></datafield><datafield ind1="0" ind2="5" tag="780"><subfield code="t">Madison press (Madison, Ohio)</subfield><subfield code="w">(DLC)sn 84028205</subfield></datafield><datafield ind1="0" ind2="0" tag="785"><subfield code="t">Lake County telegraph</subfield><subfield code="w">(DLC)sn 90068510</subfield></datafield><datafield ind1="1" ind2=" " tag="787"><subfield code="t">Lake County today</subfield><subfield code="w">(DLC)sn 83035001</subfield></datafield><datafield ind1="1" ind2=" " tag="029"><subfield code="a">AU@</subfield><subfield code="b">000020532076</subfield></datafield></record>